
@unpublished {Wilson,
    AUTHOR = {Wilson, Trevor}, 
     TITLE = {Generic {V}op\v enka cardinals and models of {ZF} with few {$\aleph_1$}-Suslin sets}, 
      note = {Submitted} 
}

@article {MR3922802,
    AUTHOR = {Saattrup Nielsen, Dan and Welch, Philip},
     TITLE = {Games and {R}amsey-like cardinals},
   JOURNAL = {J. Symb. Log.},
  FJOURNAL = {The Journal of Symbolic Logic},
    VOLUME = {84},
      YEAR = {2019},
    NUMBER = {1},
     PAGES = {408--437},
      ISSN = {0022-4812},
   MRCLASS = {03E35 (03E45 03E55)},
  MRNUMBER = {3922802},
       DOI = {10.1017/jsl.2018.75},
       URL = {https://doi.org/10.1017/jsl.2018.75},
}

@article {MR3860539,
    AUTHOR = {Gitman, Victoria and Schindler, Ralf},
     TITLE = {Virtual large cardinals},
   JOURNAL = {Ann. Pure Appl. Logic},
  FJOURNAL = {Annals of Pure and Applied Logic},
    VOLUME = {169},
      YEAR = {2018},
    NUMBER = {12},
     PAGES = {1317--1334},
      ISSN = {0168-0072},
   MRCLASS = {03E35 (03E40 03E55)},
  MRNUMBER = {3860539},
       DOI = {10.1016/j.apal.2018.08.005},
       URL = {https://doi.org/10.1016/j.apal.2018.08.005},
}

@article {MR1765054,
    AUTHOR = {Schindler, Ralf-Dieter},
     TITLE = {Proper forcing and remarkable cardinals},
   JOURNAL = {Bull. Symbolic Logic},
  FJOURNAL = {The Bulletin of Symbolic Logic},
    VOLUME = {6},
      YEAR = {2000},
    NUMBER = {2},
     PAGES = {176--184},
      ISSN = {1079-8986},
   MRCLASS = {03E40 (03E45 03E55)},
  MRNUMBER = {1765054},
MRREVIEWER = {A. Kanamori},
       DOI = {10.2307/421205},
       URL = {https://doi.org/10.2307/421205},
}

@article {MR2096166,
    AUTHOR = {Schindler, Ralf},
     TITLE = {Semi-proper forcing, remarkable cardinals, and bounded
              {M}artin's maximum},
   JOURNAL = {MLQ Math. Log. Q.},
  FJOURNAL = {MLQ. Mathematical Logic Quarterly},
    VOLUME = {50},
      YEAR = {2004},
    NUMBER = {6},
     PAGES = {527--532},
      ISSN = {0942-5616},
   MRCLASS = {03E35 (03E55)},
  MRNUMBER = {2096166},
MRREVIEWER = {Tetsuya Ishiu},
       DOI = {10.1002/malq.200410002},
       URL = {https://doi.org/10.1002/malq.200410002},
}

@article {MR1026565,
    AUTHOR = {Donder, Hans-Dieter and Levinski, Jean-Pierre},
     TITLE = {On weakly precipitous filters},
   JOURNAL = {Israel J. Math.},
  FJOURNAL = {Israel Journal of Mathematics},
    VOLUME = {67},
      YEAR = {1989},
    NUMBER = {2},
     PAGES = {225--242},
      ISSN = {0021-2172},
   MRCLASS = {03E45 (03E05)},
  MRNUMBER = {1026565},
MRREVIEWER = {Daniel Velleman},
       DOI = {10.1007/BF02937297},
       URL = {https://doi.org/10.1007/BF02937297},
}

@article {MR2609985,
    AUTHOR = {Ferber, Asaf and Gitik, Moti},
     TITLE = {On almost precipitous ideals},
   JOURNAL = {Arch. Math. Logic},
  FJOURNAL = {Archive for Mathematical Logic},
    VOLUME = {49},
      YEAR = {2010},
    NUMBER = {3},
     PAGES = {301--328},
      ISSN = {0933-5846},
   MRCLASS = {03E05 (03E35)},
  MRNUMBER = {2609985},
MRREVIEWER = {P\'{e}ter Komj\'{a}th},
       DOI = {10.1007/s00153-009-0173-z},
       URL = {https://doi.org/10.1007/s00153-009-0173-z},
}

