

@unpublished {Gitman1,
    AUTHOR = {Holy, Peter and Gitman, Victoria and Hamkins, Joel David and Schlicht, Philipp And Williams, Kameryn}, 
     TITLE = {The exact strength of the class forcing theorem}, 
      note = {Submitted} 
}

@unpublished {Gitman2,
    AUTHOR = {Gitman, Victoria and Hamkins, Joel David and Karagila, Asaf}, 
     TITLE = {Kelley-Morse set theory does not prove the class Fodor theorem}, 
      note = {Submitted} 
}

@unpublished {Hamkins,
    AUTHOR = {Hamkins, Joel David and Woodin, William Hugh}, 
     TITLE = {Open class determinacy is preserved by forcing}, 
      note = {Submitted} 
}

@incollection {MR3656309,
    AUTHOR = {Gitman, Victoria and Hamkins, Joel David},
     TITLE = {Open determinacy for class games},
 BOOKTITLE = {Foundations of mathematics},
    SERIES = {Contemp. Math.},
    VOLUME = {690},
     PAGES = {121--143},
 PUBLISHER = {Amer. Math. Soc., Providence, RI},
      YEAR = {2017},
   MRCLASS = {03E60 (03C62 03E30)},
  MRNUMBER = {3656309},
MRREVIEWER = {Robert Alan Van Wesep},
}